@Manual{R-pagedown,
  title = {pagedown: Paginate the HTML Output of R Markdown with CSS for Print},
  author = {Yihui Xie and Romain Lesur and Brent Thorne and Xianying Tan},
  year = {2021},
  note = {R package version 0.15.6},
  url = {https://github.com/rstudio/pagedown},
}

@Manual{R-posterdown,
  title = {posterdown: Generate PDF Conference Posters Using R Markdown},
  author = {Brent Thorne},
  year = {2019},
  note = {R package version 1.0},
  url = {https://github.com/brentthorne/posterdown},
}

@article{ong2012,
  title = {Improving Sleep with Mindfulness and Acceptance: {{A}} Metacognitive Model of Insomnia},
  shorttitle = {Improving Sleep with Mindfulness and Acceptance},
  author = {Ong, Jason C. and Ulmer, Christi S. and Manber, Rachel},
  year = {2012},
  month = nov,
  journal = {Behaviour Research and Therapy},
  volume = {50},
  number = {11},
  pages = {651--660},
  issn = {00057967},
  doi = {10/f4fczt},
  langid = {english},
  file = {G\:\\Documentos\\Zotero\\storage\\DHSILXPS\\Ong et al. - 2012 - Improving sleep with mindfulness and acceptance A.pdf}
}

@article{morin2007,
  title = {Dysfunctional {{Beliefs}} and {{Attitudes}} about {{Sleep}} ({{DBAS}}): {{Validation}} of a {{Brief Version}} ({{DBAS-16}})},
  shorttitle = {Dysfunctional {{Beliefs}} and {{Attitudes}} about {{Sleep}} ({{DBAS}})},
  author = {Morin, Charles M. and Valli{\`e}res, Annie and Ivers, Hans},
  year = {2007},
  month = nov,
  journal = {Sleep},
  volume = {30},
  number = {11},
  pages = {1547--1554},
  issn = {1550-9109, 0161-8105},
  doi = {10.1093/sleep/30.11.1547},
  langid = {english},
  file = {G\:\\Documentos\\Zotero\\storage\\A4N33FXZ\\Morin et al. - 2007 - Dysfunctional Beliefs and Attitudes about Sleep (D.pdf}
}

@article{harvey2002,
  title = {A Cognitive Model of Insomnia},
  author = {Harvey, A.G},
  year = {2002},
  month = aug,
  journal = {Behaviour Research and Therapy},
  volume = {40},
  number = {8},
  pages = {869--893},
  issn = {00057967},
  doi = {10/fwxq35},
  langid = {english},
  file = {G\:\\Documentos\\Zotero\\storage\\CA5G5RHH\\Harvey - 2002 - A cognitive model of insomnia.pdf}
}



