@article{zigmond1983hospital,
  title={The hospital anxiety and depression scale},
  author={Zigmond, Anthony S and Snaith, R Philip},
  journal={Acta psychiatrica scandinavica},
  volume={67},
  number={6},
  pages={361--370},
  year={1983},
  publisher={Wiley Online Library}
}

@phdthesis{castro,
  title = {Adaptação e Validação Do {{Índice}} de {{Gravidade}} de {{Insônia}} ({{IGI}})},
  author = {Castro, Laura S.},
  year = {2011},
  address = {{São Paulo}},
  school = {Universidade Federal de São Paulo}
}

@article{bastien2001,
  title = {Validation of the {{Insomnia Severity Index}} as an Outcome Measure for Insomnia Research},
  author = {Bastien, C. H. and Valli{\`e}res, A. and Morin, C. M.},
  year = {2001},
  month = jul,
  journal = {Sleep Medicine},
  volume = {2},
  number = {4},
  pages = {297--307},
  issn = {1878-5506},
  doi = {10.1016/s1389-9457(00)00065-4},
  langid = {english},
  pmid = {11438246},
  file = {G\:\\Documentos\\zotero-library\\Bastien\\bastien_2001_validation_of_the_insomnia_severity_index_as_an_outcome_measure_for_insomnia.pdf}
}

@article{morin2011a,
  title = {The {{Insomnia Severity Index}}: {{Psychometric Indicators}} to {{Detect Insomnia Cases}} and {{Evaluate Treatment Response}}},
  shorttitle = {The {{Insomnia Severity Index}}},
  author = {Morin, Charles M. and Belleville, Genevi{\`e}ve and B{\'e}langer, Lynda and Ivers, Hans},
  year = {2011},
  month = may,
  journal = {Sleep},
  volume = {34},
  number = {5},
  pages = {601--608},
  issn = {0161-8105},
  pmcid = {PMC3079939},
  pmid = {21532953}
}

@article{borsaAdaptacaoValidacaoInstrumentos2012,
  title = {{Adapta\c{c}\~ao e valida\c{c}\~ao de instrumentos psicol\'ogicos entre culturas: algumas considera\c{c}\~oes}},
  shorttitle = {{Adapta\c{c}\~ao e valida\c{c}\~ao de instrumentos psicol\'ogicos entre culturas}},
  author = {Borsa, Juliane Callegaro and Dam{\'a}sio, Bruno Figueiredo and Bandeira, Denise Ruschel},
  year = {2012},
  month = dec,
  journal = {Paid\'eia (Ribeir\~ao Preto)},
  volume = {22},
  number = {53},
  pages = {423--432},
  issn = {0103-863X},
  doi = {10.1590/S0103-863X2012000300014},
  langid = {portuguese},
  file = {G\:\\Documentos\\Zotero\\storage\\FZHWHJ7Q\\Borsa et al. - 2012 - Adaptação e validação de instrumentos psicológicos.pdf}
}

@Article{fortier-brochu2012,
  title = {Insomnia and Daytime Cognitive Performance: A Meta-Analysis},
  shorttitle = {Insomnia and Daytime Cognitive Performance},
  author = {Emilie Fortier-Brochu and Simon Beaulieu-Bonneau and Hans Ivers and Charles M. Morin},
  date = {2012-02},
  journaltitle = {Sleep Medicine Reviews},
  shortjournal = {Sleep Med Rev},
  volume = {16},
  number = {1},
  eprint = {21636297},
  eprinttype = {pmid},
  pages = {83--94},
  issn = {1532-2955},
  doi = {10.1016/j.smrv.2011.03.008},
  langid = {english},
  keywords = {Adult,Cognition,Cognition Disorders,Humans,Neuropsychological Tests,Psychomotor Performance,Sleep Initiation and Maintenance Disorders},
  file = {G\:\\Documentos\\Zotero\\storage\\AGYWZ36F\\Fortier-Brochu et al. - 2012 - Insomnia and daytime cognitive performance a meta.pdf},
}
@Article{johnson2006,
  title = {The Association of Insomnia with Anxiety Disorders and Depression: Exploration of the Direction of Risk},
  shorttitle = {The Association of Insomnia with Anxiety Disorders and Depression},
  author = {Eric O. Johnson and Thomas Roth and Naomi Breslau},
  date = {2006-12-01},
  journaltitle = {Journal of Psychiatric Research},
  shortjournal = {Journal of Psychiatric Research},
  volume = {40},
  number = {8},
  pages = {700--708},
  issn = {0022-3956},
  doi = {10/d5k6f6},
  url = {https://www.sciencedirect.com/science/article/pii/S0022395606001440},
  urldate = {2021-12-01},
  langid = {english},
  keywords = {Adolescent,Anxiety,Depression,Epidemiology,Insomnia},
}

@Article{taylor2005,
  title = {Epidemiology of {{Insomnia}}, {{Depression}}, and {{Anxiety}}},
  author = {Daniel J. Taylor and Kenneth L. Lichstein and H. Heith Durrence and Brant W. Reidel and Andrew J. Bush},
  date = {2005-11-01},
  journaltitle = {Sleep},
  shortjournal = {Sleep},
  volume = {28},
  number = {11},
  pages = {1457--1464},
  publisher = {{Oxford Academic}},
  issn = {0161-8105},
  doi = {10/gg5k3t},
  url = {https://academic.oup.com/sleep/article/28/11/1457/2707988},
  urldate = {2021-12-01},
  langid = {english},
  file = {G\:\\Documentos\\zotero-library\\Taylor\\taylor_2005_epidemiology_of_insomnia,_depression,_and_anxiety.pdf},
}
@Book{americanpsychiatricassociation2013,
  title = {Diagnostic and Statistical Manual of Mental Disorders: {{DSM}}-5},
  shorttitle = {Diagnostic and Statistical Manual of Mental Disorders},
  editor = {American Psychiatric Association},
  date = {2013},
  edition = {5th ed},
  publisher = {{American Psychiatric Association}},
  location = {{Washington, D.C}},
  isbn = {978-0-89042-554-1 978-0-89042-555-8},
  pagetotal = {947},
  keywords = {classification,Classification,diagnosis,Diagnosis,Diagnostic and statistical manual of mental disorders,Mental Disorders,Mental illness},
  file = {G\:\\Documentos\\Zotero\\storage\\59A9EPFK\\American Psychiatric Association._American Psychiatric Association. DSM-5 Task Force - Diagnostic and statistical manual of mental disorders_ DSM-5-American Psychiatric Association (2017_2013).epub},
}
@Article{harvey2002,
  title = {A Cognitive Model of Insomnia},
  author = {A.G Harvey},
  date = {2002-08},
  journaltitle = {Behaviour Research and Therapy},
  shortjournal = {Behaviour Research and Therapy},
  volume = {40},
  number = {8},
  pages = {869--893},
  issn = {00057967},
  doi = {10/fwxq35},
  url = {https://linkinghub.elsevier.com/retrieve/pii/S0005796701000614},
  urldate = {2021-08-05},
  langid = {english},
  file = {G\:\\Documentos\\Zotero\\storage\\CA5G5RHH\\Harvey - 2002 - A cognitive model of insomnia.pdf},
}

@Article{morin1993,
  title = {Dysfunctional Beliefs and Attitudes about Sleep among Older Adults with and without Insomnia Complaints},
  author = {C. M. Morin and J. Stone and D. Trinkle and J. Mercer and S. Remsberg},
  date = {1993-09},
  journaltitle = {Psychology and Aging},
  shortjournal = {Psychol Aging},
  volume = {8},
  number = {3},
  eprint = {8216967},
  eprinttype = {pmid},
  pages = {463--467},
  issn = {0882-7974},
  doi = {10/frwwvp},
  langid = {english},
  keywords = {Aged,Attitude to Health,Female,Humans,Male,Middle Aged,Sleep},
  file = {G\:\\Documentos\\Zotero\\storage\\HZRN7NJG\\Morin et al. - 1993 - Dysfunctional beliefs and attitudes about sleep am.pdf},
}
@Article{lundh2005,
  title = {The {{Role}} of {{Acceptance}} and {{Mindfulness}} in the {{Treatment}} of {{Insomnia}}},
  author = {Lars-Gunnar Lundh},
  date = {2005-03},
  journaltitle = {Journal of Cognitive Psychotherapy},
  shortjournal = {J Cogn Psychother},
  volume = {19},
  number = {1},
  pages = {29--39},
  issn = {0889-8391, 1938-887X},
  doi = {10.1891/jcop.19.1.29.66331},
  url = {http://connect.springerpub.com/lookup/doi/10.1891/jcop.19.1.29.66331},
  urldate = {2020-12-04},
  langid = {english},
  file = {G\:\\Documentos\\Zotero\\storage\\A456D2M2\\Lundh - 2005 - The Role of Acceptance and Mindfulness in the Trea.pdf},
}
@Article{espie2006,
  title = {The Attention-Intention-Effort Pathway in the Development of Psychophysiologic Insomnia: A Theoretical Review},
  shorttitle = {The Attention-Intention-Effort Pathway in the Development of Psychophysiologic Insomnia},
  author = {Colin A. Espie and Niall M. Broomfield and Kenneth M. A. MacMahon and Lauren M. Macphee and Lynne M. Taylor},
  date = {2006-08},
  journaltitle = {Sleep Medicine Reviews},
  volume = {10},
  number = {4},
  eprint = {16809056},
  eprinttype = {pmid},
  pages = {215--245},
  issn = {1087-0792},
  doi = {10.1016/j.smrv.2006.03.002},
  langid = {english},
  keywords = {Attention,Cognitive Behavioral Therapy,Humans,Intention,Physical Exertion,Psychophysiology,Sleep Initiation and Maintenance Disorders},
  file = {G\:\\Documentos\\Zotero\\storage\\75XNUZJQ\\Espie et al. - 2006 - The attention-intention-effort pathway in the deve.pdf},
}
@Article{perlis1997,
  title = {Psychophysiological Insomnia: The Behavioural Model and a Neurocognitive Perspective},
  shorttitle = {Psychophysiological Insomnia},
  author = {M. L Perlis and D. E Giles and W. B Mendelson and R. R Bootzin and J. K Wyatt},
  date = {1997},
  journaltitle = {Journal of Sleep Research},
  volume = {6},
  number = {3},
  pages = {179--188},
  issn = {1365-2869},
  doi = {10/fcrnvj},
  url = {https://onlinelibrary.wiley.com/doi/abs/10.1046/j.1365-2869.1997.00045.x},
  urldate = {2021-12-09},
  langid = {english},
  keywords = {behavioural model,beta activity,gamma activity,insomnia,subjective/objective discrepancies},
  annotation = {\_eprint: https://onlinelibrary.wiley.com/doi/pdf/10.1046/j.1365-2869.1997.00045.x},
  file = {G\:\\Documentos\\zotero-library\\Perlis\\perlis_1997_psychophysiological_insomnia_-_the_behavioural_model_and_a_neurocognitive.pdf},
}
@Article{ong2012,
  title = {Improving Sleep with Mindfulness and Acceptance: {{A}} Metacognitive Model of Insomnia},
  shorttitle = {Improving Sleep with Mindfulness and Acceptance},
  author = {Jason C. Ong and Christi S. Ulmer and Rachel Manber},
  date = {2012-11},
  journaltitle = {Behaviour Research and Therapy},
  shortjournal = {Behaviour Research and Therapy},
  volume = {50},
  number = {11},
  pages = {651--660},
  issn = {00057967},
  doi = {10/f4fczt},
  url = {https://linkinghub.elsevier.com/retrieve/pii/S0005796712001210},
  urldate = {2021-08-03},
  langid = {english},
  file = {G\:\\Documentos\\Zotero\\storage\\DHSILXPS\\Ong et al. - 2012 - Improving sleep with mindfulness and acceptance A.pdf},
}
@Article{lancee2019,
  title = {Cognitive Processes Mediate the Effects of Insomnia Treatment: Evidence from a Randomized Wait-List Controlled Trial},
  shorttitle = {Cognitive Processes Mediate the Effects of Insomnia Treatment},
  author = {J. Lancee and M. Effting and T. {van der Zweerde} and L. {van Daal} and A. {van Straten} and J. H. Kamphuis},
  options = {useprefix=true},
  date = {2019-02-01},
  journaltitle = {Sleep Medicine},
  shortjournal = {Sleep Medicine},
  volume = {54},
  pages = {86--93},
  issn = {1389-9457},
  doi = {10.1016/j.sleep.2018.09.029},
  url = {https://www.sciencedirect.com/science/article/pii/S1389945718302740},
  urldate = {2021-07-02},
  langid = {english},
  keywords = {CBT-I,Cognitive processes,Insomnia,Mediation},
  file = {G\:\\Documentos\\zotero-library\\Lancee\\lancee_2019_cognitive_processes_mediate_the_effects_of_insomnia_treatment_-_evidence_from_a.pdf},
}
@Article{akram2020,
  title = {Dysfunctional Sleep-Related Cognition and Anxiety Mediate the Relationship between Multidimensional Perfectionism and Insomnia Symptoms},
  author = {Umair Akram and Maria Gardani and Dieter Riemann and Asha Akram and Sarah F. Allen and Lambros Lazuras and Anna F. Johann},
  date = {2020-02-01},
  journaltitle = {Cognitive Processing},
  shortjournal = {Cogn Process},
  volume = {21},
  number = {1},
  pages = {141--148},
  issn = {1612-4790},
  doi = {10.1007/s10339-019-00937-8},
  url = {https://doi.org/10.1007/s10339-019-00937-8},
  urldate = {2021-06-10},
  langid = {english},
  file = {G\:\\Documentos\\zotero-library\\Akram\\akram_2020_dysfunctional_sleep-related_cognition_and_anxiety_mediate_the_relationship.pdf},
}
@Article{chow2018,
  title = {Cognitive Mechanisms of Sleep Outcomes in a Randomized Clinical Trial of Internet-Based Cognitive Behavioral Therapy for Insomnia},
  author = {Philip I. Chow and Karen S. Ingersoll and Frances P. Thorndike and Holly R. Lord and Linda Gonder-Frederick and Charles M. Morin and Lee M. Ritterband},
  date = {2018-07},
  journaltitle = {Sleep Medicine},
  shortjournal = {Sleep Medicine},
  volume = {47},
  pages = {77--85},
  issn = {13899457},
  doi = {10.1016/j.sleep.2017.11.1140},
  url = {https://linkinghub.elsevier.com/retrieve/pii/S1389945717315915},
  urldate = {2021-07-07},
  langid = {english},
  file = {G\:\\Documentos\\zotero-library\\Chow\\chow_2018_cognitive_mechanisms_of_sleep_outcomes_in_a_randomized_clinical_trial_of.pdf},
}
@Article{norell-clarke2021,
  title = {Sleep-{{Related Cognitive Processes}} and the {{Incidence}} of {{Insomnia Over Time}}: {{Does Anxiety}} and {{Depression Impact}} the {{Relationship}}?},
  shorttitle = {Sleep-{{Related Cognitive Processes}} and the {{Incidence}} of {{Insomnia Over Time}}},
  author = {Annika Norell-Clarke and Mikael Hagström and Markus Jansson-Fröjmark},
  date = {2021},
  journaltitle = {Frontiers in Psychology},
  shortjournal = {Front. Psychol.},
  volume = {12},
  publisher = {{Frontiers}},
  issn = {1664-1078},
  doi = {10/gk8x3v},
  url = {https://www.frontiersin.org/articles/10.3389/fpsyg.2021.677538/full},
  urldate = {2021-07-26},
  langid = {english},
  keywords = {Anxiety,Arousal,Depression,Epidemiology,Incidence,insomnia,safety behavious,Worry.},
  file = {G\:\\Documentos\\zotero-library\\Norell-Clarke\\norell-clarke_2021_sleep-related_cognitive_processes_and_the_incidence_of_insomnia_over_time_-_does.pdf},
}
@Article{harvey2017,
  title = {Mediators and Treatment Matching in Behavior Therapy, Cognitive Therapy and Cognitive Behavior Therapy for Chronic Insomnia},
  author = {Allison G. Harvey and Lu Dong and Lynda Bélanger and Charles M. Morin},
  date = {2017},
  journaltitle = {Journal of Consulting and Clinical Psychology},
  volume = {85},
  number = {10},
  pages = {975--987},
  publisher = {{American Psychological Association}},
  location = {{US}},
  issn = {1939-2117(Electronic),0022-006X(Print)},
  doi = {10.1037/ccp0000244},
  keywords = {Behavior Therapy,Client Treatment Matching,Cognitive Behavior Therapy,Cognitive Therapy,Insomnia,Treatment Outcomes},
  file = {G\:\\Documentos\\Zotero\\storage\\5K4ZRNQM\\Harvey et al. - 2017 - Mediators and treatment matching in behavior thera.pdf;G\:\\Documentos\\Zotero\\storage\\6BJEUGV5\\2017-42717-003.html},
}
@book{morin1993insomnia,
  title={Insomnia: Psychological assessment and management.},
  author={Morin, Charles M},
  year={1993},
  publisher={Guilford press}
}

@article{morin2007a,
  title = {Dysfunctional {{Beliefs}} and {{Attitudes}} about {{Sleep}} ({{DBAS}}): {{Validation}} of a {{Brief Version}} ({{DBAS-16}})},
  shorttitle = {Dysfunctional {{Beliefs}} and {{Attitudes}} about {{Sleep}} ({{DBAS}})},
  author = {Morin, Charles M. and Valli{\`e}res, Annie and Ivers, Hans},
  year = {2007},
  month = nov,
  journal = {Sleep},
  volume = {30},
  number = {11},
  pages = {1547--1554},
  issn = {1550-9109, 0161-8105},
  doi = {10.1093/sleep/30.11.1547},
  langid = {english},
  file = {G\:\\Documentos\\Zotero\\storage\\U6RAAD44\\Morin et al. - 2007 - Dysfunctional Beliefs and Attitudes about Sleep (D.pdf}
}


@Article{thakral2020,
  title = {Changes in Dysfunctional Beliefs about Sleep after Cognitive Behavioral Therapy for Insomnia: {{A}} Systematic Literature Review and Meta-Analysis},
  shorttitle = {Changes in Dysfunctional Beliefs about Sleep after Cognitive Behavioral Therapy for Insomnia},
  author = {Manu Thakral and Michael {Von Korff} and Susan M. McCurry and Charles M. Morin and Michael V. Vitiello},
  date = {2020-02},
  journaltitle = {Sleep Medicine Reviews},
  shortjournal = {Sleep Medicine Reviews},
  volume = {49},
  pages = {101230},
  issn = {10870792},
  doi = {10.1016/j.smrv.2019.101230},
  url = {https://linkinghub.elsevier.com/retrieve/pii/S1087079219301984},
  urldate = {2021-07-07},
  langid = {english},
  file = {G\:\\Documentos\\Zotero\\storage\\NJVAP58B\\Thakral et al. - 2020 - Changes in dysfunctional beliefs about sleep after.pdf},
}

@Article{chungka-fai2016,
  title = {Psychometric {{Comparison}} of the {{Full}} and {{Abbreviated Versions}} of the {{Dysfunctional Beliefs}} and {{Attitudes}} about {{Sleep Scale}}},
  author = {{Chung Ka-Fai} and {Ho Fiona Yan-Yee} and {Yeung Wing-Fai}},
  date = {2016},
  journaltitle = {Journal of Clinical Sleep Medicine},
  shortjournal = {Journal of Clinical Sleep Medicine},
  volume = {12},
  number = {06},
  pages = {821--828},
  publisher = {{American Academy of Sleep Medicine}},
  doi = {10.5664/jcsm.5878},
  url = {https://jcsm.aasm.org/doi/full/10.5664/jcsm.5878},
  urldate = {2020-09-26},
  file = {G\:\\Documentos\\Zotero\\storage\\AH7U9VVC\\Chung Ka-Fai et al. - Psychometric Comparison of the Full and Abbreviate.pdf;G\:\\Documentos\\Zotero\\storage\\GX9LNSBV\\jcsm.html},
}

@article{boysan2010,
  title = {Validation of a Brief Version of the Dysfunctional Beliefs and Attitudes about Sleep Scale in {{Turkish}} Sample},
  author = {Boysan, Murat and Merey, Zihni and Kalafat, Temel and Ka{\u g}an, M{\"u}cahit},
  year = {2010},
  month = jan,
  journal = {Procedia - Social and Behavioral Sciences},
  series = {{{WCPCG}} 2010},
  volume = {5},
  pages = {314--317},
  issn = {1877-0428},
  doi = {10.1016/j.sbspro.2010.07.095},
  langid = {english},
  keywords = {assessment,beliefs,factor structure,Insomnia,sleep},
  file = {G\:\\Documentos\\zotero-library\\Boysan\\boysan_2010_validation_of_a_brief_version_of_the_dysfunctional_beliefs_and_attitudes_about.pdf;G\:\\Documentos\\Zotero\\storage\\NTAJYBKG\\S1877042810014692.html}
}

@article{dhyani2013,
  title = {Hindi Translation and Validation of Dysfunctional Beliefs and Attitudes about Sleep ({{DBAS}} - 16)},
  author = {Dhyani, Mohan and Rajput, Richa and Gupta, Ravi},
  year = {2013},
  journal = {Industrial Psychiatry Journal},
  volume = {22},
  number = {1},
  pages = {80--85},
  issn = {0972-6748},
  doi = {10.4103/0972-6748.123639},
  pmcid = {PMC3895320},
  pmid = {24459381}
}

@article{lang2017,
  title = {Validation of the {{German}} Version of the Short Form of the Dysfunctional Beliefs and Attitudes about Sleep Scale ({{DBAS-16}})},
  author = {Lang, Christin and Brand, Serge and {Holsboer-Trachsler}, Edith and P{\"u}hse, Uwe and Colledge, Flora and Gerber, Markus},
  year = {2017},
  month = jun,
  journal = {Neurological Sciences},
  volume = {38},
  number = {6},
  pages = {1047--1058},
  issn = {1590-3478},
  doi = {10.1007/s10072-017-2921-x},
  langid = {english},
  file = {G\:\\Documentos\\zotero-library\\Lang\\lang_2017_validation_of_the_german_version_of_the_short_form_of_the_dysfunctional_beliefs.pdf}
}

@Article{sadler2013,
  title = {A Psychological Pathway from Insomnia to Depression among Older Adults},
  author = {Paul Sadler and Suzanne McLaren and Megan Jenkins},
  date = {2013-08},
  journaltitle = {International Psychogeriatrics},
  shortjournal = {Int. Psychogeriatr.},
  volume = {25},
  number = {8},
  pages = {1375--1383},
  issn = {1041-6102, 1741-203X},
  doi = {10.1017/S1041610213000616},
  url = {https://www.cambridge.org/core/product/identifier/S1041610213000616/type/journal_article},
  urldate = {2021-06-10},
  langid = {english},
  file = {G\:\\Documentos\\Zotero\\storage\\JJR2Q754\\Sadler et al. - 2013 - A psychological pathway from insomnia to depressio.pdf},
}
@Article{marques2015,
  title = {Hyperarousal and Failure to Inhibit Wakefulness in Primary Insomnia: "“Birds of a feather"?},
  shorttitle = {Hyperarousal and Failure to Inhibit Wakefulness in Primary Insomnia},
  author = {Daniel Ruivo Marques and Ana {Allen Gomes} and Vanda Clemente and Jos{\~A}{\textflorin}{\^A}{\textcopyright} Moutinho Santos and Miguel Castelo-Branco},
  date = {2015-07-01},
  journaltitle = {Sleep and Biological Rhythms},
  shortjournal = {Sleep Biol. Rhythms},
  volume = {13},
  number = {3},
  pages = {219--228},
  issn = {1479-8425},
  doi = {10.1111/sbr.12115},
  url = {https://doi.org/10.1111/sbr.12115},
  urldate = {2021-07-02},
  langid = {english},
  file = {G\:\\Documentos\\Zotero\\storage\\STJ5RZWE\\Marques et al. - 2015 - Hyperarousal and failure to inhibit wakefulness in.pdf},
}
@Article{neckelmann2007,
  title = {Chronic Insomnia as a Risk Factor for Developing Anxiety and Depression},
  author = {Dag Neckelmann and Arnstein Mykletun and Alv A. Dahl},
  date = {2007-07-01},
  journaltitle = {Sleep},
  shortjournal = {Sleep},
  volume = {30},
  number = {7},
  pages = {873--880},
  issn = {0161-8105},
  doi = {10/gf26g2},
  url = {https://doi.org/10.1093/sleep/30.7.873},
  urldate = {2022-01-18},
  file = {G\:\\Documentos\\zotero-library\\Neckelmann\\neckelmann_2007_chronic_insomnia_as_a_risk_factor_for_developing_anxiety_and_depression.pdf},
}
@Article{carney2006,
  title = {Identifying {{Critical Beliefs About Sleep}} in {{Primary Insomnia}}},
  author = {Colleen E. Carney and Jack D. Edinger},
  date = {2006-03},
  journaltitle = {Sleep},
  volume = {29},
  number = {3},
  pages = {342--350},
  issn = {1550-9109, 0161-8105},
  doi = {10.1093/sleep/29.3.342},
  url = {https://academic.oup.com/sleep/article-lookup/doi/10.1093/sleep/29.3.342},
  urldate = {2020-12-04},
  langid = {english},
  file = {G\:\\Documentos\\zotero-library\\Carney\\carney_2006_identifying_critical_beliefs_about_sleep_in_primary_insomnia.pdf},
}
@Article{cronlein2014,
  title = {Are Dysfunctional Attitudes and Beliefs about Sleep Unique to Primary Insomnia?},
  author = {Tatjana Crönlein and Stefanie Wagner and Berthold Langguth and Peter Geisler and Peter Eichhammer and Thomas C. Wetter},
  date = {2014-12-01},
  journaltitle = {Sleep Medicine},
  shortjournal = {Sleep Medicine},
  volume = {15},
  number = {12},
  pages = {1463--1467},
  issn = {1389-9457},
  doi = {10/gn3m9k},
  url = {https://www.sciencedirect.com/science/article/pii/S1389945714003323},
  urldate = {2022-01-11},
  langid = {english},
  keywords = {DBAS,Dysfunctional thinking,Insomnia,Polysomnography,Restless legs syndrome,Sleep apnea},
  file = {G\:\\Documentos\\zotero-library\\CrÃ¶nlein\\crÃ¶nlein_2014_are_dysfunctional_attitudes_and_beliefs_about_sleep_unique_to_primary_insomnia.pdf},
}
@Article{edingerjackd.2021,
  title = {Behavioral and Psychological Treatments for Chronic Insomnia Disorder in Adults: An {{American Academy}} of {{Sleep Medicine}} Systematic Review, Meta-Analysis, and {{GRADE}} Assessment},
  shorttitle = {Behavioral and Psychological Treatments for Chronic Insomnia Disorder in Adults},
  author = {{Edinger J. D.} and {Arnedt J. Todd} and {Bertisch Suzanne M.} and {Carney Colleen E.} and {Harrington John J.} and {Lichstein Kenneth L.} and {Sateia Michael J.} and {Troxel Wendy M.} and {Zhou Eric S.} and {Kazmi Uzma} and {Heald Jonathan L.} and {Martin Jennifer L.}},
  date = {2021},
  journaltitle = {Journal of Clinical Sleep Medicine},
  shortjournal = {Journal of Clinical Sleep Medicine},
  volume = {17},
  number = {2},
  pages = {263--298},
  publisher = {{American Academy of Sleep Medicine}},
  doi = {10.5664/jcsm.8988},
  url = {https://jcsm.aasm.org/doi/10.5664/jcsm.8988},
  urldate = {2021-05-06},
  file = {G\:\\Documentos\\Zotero\\storage\\XAB5E869\\Edinger Jack D. et al. - Behavioral and psychological treatments for chroni.pdf;G\:\\Documentos\\Zotero\\storage\\E9MYL33E\\jcsm.html},
}
@Article{belanger2006,
  title = {Clinical Management of Insomnia Using Cognitive Therapy},
  author = {Lynda Belanger and Josee Savard and Charles M. Morin},
  date = {2006},
  journaltitle = {Behavioral Sleep Medicine},
  shortjournal = {Behav Sleep Med},
  volume = {4},
  number = {3},
  eprint = {16879081},
  eprinttype = {pmid},
  pages = {179--198},
  issn = {1540-2002},
  doi = {10.1207/s15402010bsm0403_4},
  langid = {english},
  keywords = {Adult,Aged,Cognitive Behavioral Therapy,Female,Humans,Male,Middle Aged,Sleep Initiation and Maintenance Disorders},
  file = {G\:\\Documentos\\Zotero\\storage\\6THZTCBJ\\Belanger et al. - 2006 - Clinical management of insomnia using cognitive th.pdf},
}
@Article{eidelman2016,
  title = {Change in {{Dysfunctional Beliefs About Sleep}} in {{Behavior Therapy}}, {{Cognitive Therapy}}, and {{Cognitive-Behavioral Therapy}} for {{Insomnia}}},
  author = {Polina Eidelman and Lisa Talbot and Hans Ivers and Lynda B{\~A}{\textflorin}{\^A}{\textcopyright}langer and Charles M. Morin and Allison G. Harvey},
  date = {2016-01-01},
  journaltitle = {Behavior Therapy},
  shortjournal = {Behavior Therapy},
  volume = {47},
  number = {1},
  pages = {102--115},
  issn = {0005-7894},
  doi = {10.1016/j.beth.2015.10.002},
  url = {http://www.sciencedirect.com/science/article/pii/S0005789415001124},
  urldate = {2020-09-26},
  langid = {english},
  keywords = {behavioral experiments,beliefs,cognitive-behavioral therapy,insomnia,sleep},
  file = {G\:\\Documentos\\Zotero\\storage\\5BIGQ5L7\\Eidelman et al. - 2016 - Change in Dysfunctional Beliefs About Sleep in Beh.pdf;G\:\\Documentos\\Zotero\\storage\\2ND5K5CL\\S0005789415001124.html},
}
@Article{blanken2020,
  title = {Network Outcome Analysis Identifies Difficulty Initiating Sleep as a Primary Target for Prevention of Depression: A 6-Year Prospective Study},
  shorttitle = {Network Outcome Analysis Identifies Difficulty Initiating Sleep as a Primary Target for Prevention of Depression},
  author = {Tessa F Blanken and Denny Borsboom and Brenda Wjh Penninx and Eus Jw {Van Someren}},
  date = {2020-05-12},
  journaltitle = {Sleep},
  shortjournal = {Sleep},
  volume = {43},
  number = {5},
  pages = {zsz288},
  issn = {0161-8105},
  doi = {10/gghm2s},
  url = {https://doi.org/10.1093/sleep/zsz288},
  urldate = {2022-01-18},
  file = {G\:\\Documentos\\zotero-library\\Blanken\\blanken_2020_network_outcome_analysis_identifies_difficulty_initiating_sleep_as_a_primary2.pdf},
}

@Article{li2016,
  title = {Insomnia and the Risk of Depression: A Meta-Analysis of Prospective Cohort Studies},
  shorttitle = {Insomnia and the Risk of Depression},
  author = {Liqing Li and Chunmei Wu and Yong Gan and Xianguo Qu and Zuxun Lu},
  date = {2016-11-05},
  journaltitle = {BMC Psychiatry},
  shortjournal = {BMC Psychiatry},
  volume = {16},
  eprint = {27816065},
  eprinttype = {pmid},
  pages = {375},
  issn = {1471-244X},
  doi = {10/f9bsxr},
  url = {https://www.ncbi.nlm.nih.gov/pmc/articles/PMC5097837/},
  urldate = {2022-01-18},
  pmcid = {PMC5097837},
  file = {G\:\\Documentos\\zotero-library\\Li\\li_2016_insomnia_and_the_risk_of_depression_-_a_meta-analysis_of_prospective_cohort.pdf},
}
@Article{chen2017,
  title = {Relapse Insomnia Increases Greater Risk of Anxiety and Depression: Evidence from a Population-Based 4-Year Cohort Study},
  shorttitle = {Relapse Insomnia Increases Greater Risk of Anxiety and Depression},
  author = {Ping-Jen Chen and Charles Lung-Cheng Huang and Shih-Feng Weng and Ming-Ping Wu and Chung-Han Ho and Jhi-Joung Wang and Wan-Chi Tsai and Ya-Wen Hsu},
  date = {2017-10-01},
  journaltitle = {Sleep Medicine},
  shortjournal = {Sleep Medicine},
  volume = {38},
  pages = {122--129},
  issn = {1389-9457},
  doi = {10.1016/j.sleep.2017.07.016},
  url = {https://www.sciencedirect.com/science/article/pii/S1389945717303143},
  urldate = {2022-05-17},
  langid = {english},
  keywords = {Anxiety,Depression,Insomnia,Longitudinal,Subtype},
  file = {G\:\\Documentos\\zotero-library\\Chen\\chen_2017_relapse_insomnia_increases_greater_risk_of_anxiety_and_depression_-_evidence.pdf},
}
@Article{jansson-frojmark2008b,
  title = {A Bidirectional Relationship between Anxiety and Depression, and Insomnia? {{A}} Prospective Study in the General Population},
  shorttitle = {A Bidirectional Relationship between Anxiety and Depression, and Insomnia?},
  author = {Markus Jansson-Fröjmark and Karin Lindblom},
  date = {2008-04-01},
  journaltitle = {Journal of Psychosomatic Research},
  shortjournal = {Journal of Psychosomatic Research},
  volume = {64},
  number = {4},
  pages = {443--449},
  issn = {0022-3999},
  doi = {10.1016/j.jpsychores.2007.10.016},
  url = {https://www.sciencedirect.com/science/article/pii/S0022399907004114},
  urldate = {2022-05-17},
  langid = {english},
  keywords = {Anxiety,Depression,Epidemiology,Insomnia,Risk factors},
  file = {G\:\\Documentos\\zotero-library\\Jansson-FrÃ¶jmark\\jansson-frÃ¶jmark_2008_a_bidirectional_relationship_between_anxiety_and_depression,_and_insomnia_-_a.pdf},
}

@book{beck1979cognitive,
  title={Cognitive therapy of depression},
  author={Beck, Aaron T},
  year={1979},
  publisher={Guilford press}
}

@article{brewin1996theoretical,
  title={Theoretical foundations of cognitive-behavior therapy for anxiety and depression},
  author={Brewin, Chris R},
  journal={Annual review of psychology},
  volume={47},
  number={1},
  pages={33--57},
  year={1996},
  publisher={Annual Reviews 4139 El Camino Way, PO Box 10139, Palo Alto, CA 94303-0139, USA}
}

@article{satorra1985,
  title = {Power of the Likelihood Ratio Test in Covariance Structure Analysis},
  author = {Satorra, Albert and Saris, Willem E.},
  year = {1985},
  month = mar,
  journal = {Psychometrika},
  volume = {50},
  number = {1},
  pages = {83--90},
  issn = {1860-0980},
  doi = {10.1007/BF02294150},
  langid = {english},
  keywords = {covariance structure analysis,likelihood ratio test,local alternatives,maximum likelihood estimation,Monte Carlo experiment,noncentral Chi-square,noncentrality parameter,power of the test},
  file = {G\:\\Documentos\\zotero-library\\Satorra\\satorra_1985_power_of_the_likelihood_ratio_test_in_covariance_structure_analysis.pdf;G\:\\Documentos\\Zotero\\storage\\28KRZSSC\\Satorra and Saris - 1985 - Power of the likelihood ratio test in covariance s.pdf}
}

@article{maccallum1996,
  title = {Power Analysis and Determination of Sample Size for Covariance Structure Modeling},
  author = {MacCallum, Robert C. and Browne, Michael W. and Sugawara, Hazuki M.},
  year = {1996},
  journal = {Psychological Methods},
  volume = {1},
  number = {2},
  pages = {130--149},
  publisher = {{American Psychological Association}},
  address = {{US}},
  issn = {1939-1463},
  doi = {10.1037/1082-989X.1.2.130},
  keywords = {Goodness of Fit,Hypothesis Testing,Models,Statistical Power,Statistical Sample Parameters},
  file = {G\:\\Documentos\\zotero-library\\MacCallum\\maccallum_1996_power_analysis_and_determination_of_sample_size_for_covariance_structure.pdf}
}

@article{harris2019redcap,
  title={The REDCap consortium: Building an international community of software platform partners},
  author={Harris, Paul A and Taylor, Robert and Minor, Brenda L and Elliott, Veida and Fernandez, Michelle and O'Neal, Lindsay and McLeod, Laura and Delacqua, Giovanni and Delacqua, Francesco and Kirby, Jacqueline and others},
  journal={Journal of biomedical informatics},
  volume={95},
  pages={103208},
  year={2019},
  publisher={Elsevier}
}

@article{harris2009research,
  title={Research electronic data capture (REDCap)—a metadata-driven methodology and workflow process for providing translational research informatics support},
  author={Harris, Paul A and Taylor, Robert and Thielke, Robert and Payne, Jonathon and Gonzalez, Nathaniel and Conde, Jose G},
  journal={Journal of biomedical informatics},
  volume={42},
  number={2},
  pages={377--381},
  year={2009},
  publisher={Elsevier}
}


@article{bothelius2015,
  title = {Measuring {{Acceptance}} of {{Sleep Difficulties}}: {{The Development}} of the {{Sleep Problem Acceptance Questionnaire}}},
  shorttitle = {Measuring {{Acceptance}} of {{Sleep Difficulties}}},
  author = {Bothelius, Kristoffer and Jernel{\"o}v, Susanna and Fredrikson, Mats and McCracken, Lance M. and Kaldo, Viktor},
  year = {2015},
  month = nov,
  journal = {Sleep},
  volume = {38},
  number = {11},
  pages = {1815--1822},
  issn = {1550-9109, 0161-8105},
  doi = {10.5665/sleep.5170},
  langid = {english},
  file = {G\:\\Documentos\\Zotero\\storage\\LTZDMXSH\\Bothelius et al. - 2015 - Measuring Acceptance of Sleep Difficulties The De.pdf}
}


