
@article{salari2020,
	title = {The effect of acceptance and commitment therapy on insomnia and sleep quality: A systematic review},
	author = {{Salari}, {Nader} and {Khazaie}, {Habibolah} and {Hosseinian-Far}, {Amin} and {Khaledi-Paveh}, {Behnam} and {Ghasemi}, {Hooman} and {Mohammadi}, {Masoud} and {Shohaimi}, {Shamarina}},
	year = {2020},
	month = {08},
	date = {2020-08-13},
	journal = {BMC Neurology},
	pages = {300},
	volume = {20},
	number = {1},
	doi = {10.1186/s12883-020-01883-1},
	url = {https://doi.org/10.1186/s12883-020-01883-1},
	langid = {en}
}

@article{lancee2019,
	title = {Cognitive processes mediate the effects of insomnia treatment: evidence from a randomized wait-list controlled trial},
	author = {{Lancee}, {J.} and {Effting}, {M.} and {van der Zweerde}, {T.} and {van Daal}, {L.} and {van Straten}, {A.} and {Kamphuis}, {J. H.}},
	year = {2019},
	month = {02},
	date = {2019-02-01},
	journal = {Sleep Medicine},
	pages = {86--93},
	volume = {54},
	doi = {10.1016/j.sleep.2018.09.029},
	url = {https://www.sciencedirect.com/science/article/pii/S1389945718302740},
	langid = {en}
}
