
@article{salari2020,
	title = {The effect of acceptance and commitment therapy on insomnia and sleep quality: A systematic review},
	author = {{Salari}, {Nader} and {Khazaie}, {Habibolah} and {Hosseinian-Far}, {Amin} and {Khaledi-Paveh}, {Behnam} and {Ghasemi}, {Hooman} and {Mohammadi}, {Masoud} and {Shohaimi}, {Shamarina}},
	year = {2020},
	month = {08},
	date = {2020-08-13},
	journal = {BMC Neurology},
	pages = {300},
	volume = {20},
	number = {1},
	doi = {10.1186/s12883-020-01883-1},
	url = {https://doi.org/10.1186/s12883-020-01883-1},
	langid = {en}
}

@article{lancee2019,
	title = {Cognitive processes mediate the effects of insomnia treatment: evidence from a randomized wait-list controlled trial},
	author = {{Lancee}, {J.} and {Effting}, {M.} and {van der Zweerde}, {T.} and {van Daal}, {L.} and {van Straten}, {A.} and {Kamphuis}, {J. H.}},
	year = {2019},
	month = {02},
	date = {2019-02-01},
	journal = {Sleep Medicine},
	pages = {86--93},
	volume = {54},
	doi = {10.1016/j.sleep.2018.09.029},
	url = {https://www.sciencedirect.com/science/article/pii/S1389945718302740},
	langid = {en}
}

@article{bothelius2015,
	title = {Measuring Acceptance of Sleep Difficulties: The Development of the Sleep Problem Acceptance Questionnaire},
	author = {{Bothelius}, {Kristoffer} and {Jernel√∂v}, {Susanna} and {Fredrikson}, {Mats} and {McCracken}, {Lance M.} and {Kaldo}, {Viktor}},
	year = {2015},
	month = {11},
	date = {2015-11-01},
	journal = {Sleep},
	pages = {1815--1822},
	volume = {38},
	number = {11},
	doi = {10.5665/sleep.5170},
	url = {https://academic.oup.com/sleep/article/38/11/1815/2662290},
	langid = {en}
}

@article{abrahams2019,
	title = {Social-emotional skill assessment in children and adolescents: Advances and challenges in personality, clinical, and educational contexts.},
	author = {{Abrahams}, {Loes} and {Pancorbo}, {Gina} and {Primi}, {Ricardo} and {Santos}, {Daniel} and {Kyllonen}, {Patrick} and {John}, {Oliver P.} and {De Fruyt}, {Filip}},
	year = {2019},
	month = {04},
	date = {2019-04},
	journal = {Psychological Assessment},
	pages = {460--473},
	volume = {31},
	number = {4},
	doi = {10.1037/pas0000591},
	url = {http://doi.apa.org/getdoi.cfm?doi=10.1037/pas0000591},
	langid = {en}
}

@article{abelson,
	title = {Statistics As Principled Argument},
	author = {{Abelson}, {Robert P (Author)}},
	pages = {238},
	langid = {en}
}

@article{acquadro2008,
	title = {Literature review of methods to translate health-related quality of life questionnaires for use in multinational clinical trials},
	author = {{Acquadro}, {Catherine} and {Conway}, {Katrin} and {Hareendran}, {Asha} and {Aaronson}, {Neil}},
	year = {2008},
	month = {06},
	date = {2008-06},
	journal = {Value in Health: The Journal of the International Society for Pharmacoeconomics and Outcomes Research},
	pages = {509--521},
	volume = {11},
	number = {3},
	doi = {10.1111/j.1524-4733.2007.00292.x},
	note = {PMID: 18179659},
	langid = {eng}
}

@inbook{adam1993,
	title = {Kabuki Syndrome},
	author = {{Adam}, {Margaret P.} and {Hudgins}, {Louanne} and {Hannibal}, {Mark}},
	editor = {{Adam}, {Margaret P.} and {Ardinger}, {Holly H.} and {Pagon}, {Roberta A.} and {Wallace}, {Stephanie E.} and {Bean}, {Lora JH} and {Stephens}, {Karen} and {Amemiya}, {Anne}},
	year = {1993},
	date = {1993},
	publisher = {University of Washington, Seattle},
	url = {http://www.ncbi.nlm.nih.gov/books/NBK62111/},
	note = {PMID: 21882399},
	address = {Seattle (WA)},
	langid = {eng}
}

@article{kato2016,
	title = {Impact of psychological inflexibility on depressive symptoms and sleep difficulty in a Japanese sample},
	author = {{Kato}, {Tsukasa}},
	year = {2016},
	month = {12},
	date = {2016-12},
	journal = {SpringerPlus},
	pages = {712},
	volume = {5},
	number = {1},
	doi = {10/gmdm5s},
	url = {http://springerplus.springeropen.com/articles/10.1186/s40064-016-2393-0},
	langid = {en}
}

@book{diagnost2013,
	title = {Diagnostic and statistical manual of mental disorders: DSM-5},
	editor = {{American Psychiatric Association}, {} and {American Psychiatric Association}, {}},
	year = {2013},
	date = {2013},
	publisher = {American Psychiatric Association},
	edition = {5th ed},
	address = {Washington, D.C}
}
