@article{ong2012,
  title = {Improving Sleep with Mindfulness and Acceptance: {{A}} Metacognitive Model of Insomnia},
  shorttitle = {Improving Sleep with Mindfulness and Acceptance},
  author = {Ong, Jason C. and Ulmer, Christi S. and Manber, Rachel},
  year = {2012},
  month = nov,
  journal = {Behaviour Research and Therapy},
  volume = {50},
  number = {11},
  pages = {651--660},
  issn = {00057967},
  doi = {10/f4fczt},
  langid = {english},
  file = {G\:\\Documentos\\Zotero\\storage\\DHSILXPS\\Ong et al. - 2012 - Improving sleep with mindfulness and acceptance A.pdf}
}

@article{harvey2002,
  title = {A Cognitive Model of Insomnia},
  author = {Harvey, A.G},
  year = {2002},
  month = aug,
  journal = {Behaviour Research and Therapy},
  volume = {40},
  number = {8},
  pages = {869--893},
  issn = {00057967},
  doi = {10/fwxq35},
  langid = {english},
  file = {G\:\\Documentos\\Zotero\\storage\\CA5G5RHH\\Harvey - 2002 - A cognitive model of insomnia.pdf}
}

@article{morin1993,
  title = {Dysfunctional Beliefs and Attitudes about Sleep among Older Adults with and without Insomnia Complaints},
  author = {Morin, C. M. and Stone, J. and Trinkle, D. and Mercer, J. and Remsberg, S.},
  year = {1993},
  month = sep,
  journal = {Psychology and Aging},
  volume = {8},
  number = {3},
  pages = {463--467},
  issn = {0882-7974},
  doi = {10/frwwvp},
  langid = {english},
  pmid = {8216967},
  keywords = {Aged,Attitude to Health,Female,Humans,Male,Middle Aged,Sleep},
  file = {G\:\\Documentos\\Zotero\\storage\\HZRN7NJG\\Morin et al. - 1993 - Dysfunctional beliefs and attitudes about sleep am.pdf}
}